<record><leader>00000cas a2200000 a 4500</leader><controlfield tag="001">53380066</controlfield><controlfield tag="008">031110c20039999wauwr ne      0   a0eng c</controlfield><datafield ind1=" " ind2=" " tag="010"><subfield code="a">  2005252478</subfield></datafield><datafield ind1=" " ind2=" " tag="040"><subfield code="a">WRJ</subfield><subfield code="b">eng</subfield><subfield code="c">WRJ</subfield><subfield code="d">OCLCQ</subfield><subfield code="d">WAU</subfield><subfield code="d">OCLCQ</subfield><subfield code="d">OCLCF</subfield></datafield><datafield ind1="1" ind2=" " tag="029"><subfield code="a">AU@</subfield><subfield code="b">000028332476</subfield></datafield><datafield ind1=" " ind2=" " tag="042"><subfield code="a">pcc</subfield></datafield><datafield ind1=" " ind2=" " tag="043"><subfield code="a">n-us-wa</subfield></datafield><datafield ind1=" " ind2="4" tag="050"><subfield code="a">AN48.P96</subfield><subfield code="b">P54x</subfield></datafield><datafield ind1="0" ind2=" " tag="130"><subfield code="a">Herald (Puyallup, Wash.)</subfield></datafield><datafield ind1="1" ind2="4" tag="245"><subfield code="a">The herald.</subfield></datafield><datafield ind1=" " ind2=" " tag="260"><subfield code="a">Puyallup, WA :</subfield><subfield code="b">Olympic Cascade Pub. Co.,</subfield><subfield code="c">c2003-</subfield></datafield><datafield ind1=" " ind2=" " tag="300"><subfield code="a">v. :</subfield><subfield code="b">ill. ;</subfield><subfield code="c">58 cm.</subfield></datafield><datafield ind1=" " ind2=" " tag="310"><subfield code="a">Weekly</subfield></datafield><datafield ind1="0" ind2=" " tag="362"><subfield code="a">Vol. 100 [i.e, v. 102], no. 42 (Oct. 16, 2003)-</subfield></datafield><datafield ind1=" " ind2=" " tag="588"><subfield code="a">Latest issue consulted: Vol. 105, no. 162 (July 22, 2005).</subfield></datafield><datafield ind1=" " ind2="0" tag="651"><subfield code="a">Puyallup (Wash.)</subfield><subfield code="v">Newspapers.</subfield></datafield><datafield ind1=" " ind2="7" tag="655"><subfield code="a">Newspapers.</subfield><subfield code="2">fast</subfield><subfield code="0">(OCoLC)fst01423814</subfield></datafield><datafield ind1=" " ind2="7" tag="651"><subfield code="a">Washington (State)</subfield><subfield code="z">Puyallup.</subfield><subfield code="2">fast</subfield><subfield code="0">(OCoLC)fst01222707</subfield></datafield><datafield ind1=" " ind2=" " tag="752"><subfield code="a">United States</subfield><subfield code="b">Washington</subfield><subfield code="c">Pierce</subfield><subfield code="d">Puyallup.</subfield></datafield><datafield ind1="0" ind2="0" tag="780"><subfield code="t">Puyallup herald (Puyallup, Wash. : 1999)</subfield><subfield code="x">1526-5846</subfield><subfield code="w">(DLC)sn 99006037</subfield><subfield code="w">(OCoLC)42208716</subfield></datafield><datafield ind1="4" ind2=" " tag="856"><subfield code="u">http://www.puyallup-herald.com/</subfield><subfield code="z">Searchable current issue and archives</subfield></datafield></record>